<record><leader>00000cas a2200000 a 4500</leader><controlfield tag="001">9804393</controlfield><controlfield tag="008">830812d17971797nhuwr ne      0   a0eng c</controlfield><datafield ind1=" " ind2=" " tag="010"><subfield code="a">sn 83025528 </subfield></datafield><datafield ind1=" " ind2=" " tag="040"><subfield code="a">NPV</subfield><subfield code="b">eng</subfield><subfield code="c">NPV</subfield><subfield code="d">NPX</subfield><subfield code="d">DLC</subfield><subfield code="d">NPA</subfield><subfield code="d">NJW</subfield><subfield code="d">KNP</subfield><subfield code="d">NVH</subfield><subfield code="d">KNP</subfield><subfield code="d">CNW</subfield><subfield code="d">NVK</subfield><subfield code="d">OCL</subfield><subfield code="d">CVF</subfield><subfield code="d">NVK</subfield><subfield code="d">NYS</subfield><subfield code="d">GUA</subfield><subfield code="d">KRTAS</subfield><subfield code="d">OCLCQ</subfield><subfield code="d">OCLCF</subfield><subfield code="d">OCLCO</subfield></datafield><datafield ind1="1" ind2=" " tag="029"><subfield code="a">AU@</subfield><subfield code="b">000041922919</subfield></datafield><datafield ind1=" " ind2=" " tag="042"><subfield code="a">pcc</subfield></datafield><datafield ind1=" " ind2=" " tag="043"><subfield code="a">n-us-nh</subfield></datafield><datafield ind1="0" ind2=" " tag="130"><subfield code="a">New star (Concord, N.H.)</subfield></datafield><datafield ind1="1" ind2="4" tag="245"><subfield code="a">The New star.</subfield></datafield><datafield ind1=" " ind2=" " tag="260"><subfield code="a">Concord, N.H. :</subfield><subfield code="b">Russel &amp; Davis,</subfield><subfield code="c">1797.</subfield></datafield><datafield ind1=" " ind2=" " tag="300"><subfield code="a">v.</subfield></datafield><datafield ind1=" " ind2=" " tag="310"><subfield code="a">Weekly</subfield></datafield><datafield ind1="0" ind2=" " tag="362"><subfield code="a">No. 1 (Apr. 11, 1797)-no. 26 (Oct. 3, 1797).</subfield></datafield><datafield ind1="4" ind2=" " tag="510"><subfield code="a">C.S. Brigham, Early American newspapers</subfield><subfield code="c">p. 445</subfield></datafield><datafield ind1=" " ind2=" " tag="530"><subfield code="a">Also issued in microform from Readex; also available online.</subfield></datafield><datafield ind1=" " ind2="0" tag="651"><subfield code="a">Concord (N.H.)</subfield><subfield code="v">Newspapers.</subfield></datafield><datafield ind1=" " ind2="0" tag="651"><subfield code="a">Merrimack County (N.H.)</subfield><subfield code="v">Newspapers.</subfield></datafield><datafield ind1=" " ind2="7" tag="655"><subfield code="a">Newspapers.</subfield><subfield code="2">fast</subfield><subfield code="0">(OCoLC)fst01423814</subfield></datafield><datafield ind1=" " ind2="7" tag="651"><subfield code="a">New Hampshire</subfield><subfield code="z">Concord.</subfield><subfield code="2">fast</subfield><subfield code="0">(OCoLC)fst01205752</subfield></datafield><datafield ind1=" " ind2="7" tag="651"><subfield code="a">New Hampshire</subfield><subfield code="z">Merrimack County.</subfield><subfield code="2">fast</subfield><subfield code="0">(OCoLC)fst01211979</subfield></datafield><datafield ind1=" " ind2=" " tag="752"><subfield code="a">United States</subfield><subfield code="b">New Hampshire</subfield><subfield code="c">Merrimack</subfield><subfield code="d">Concord.</subfield></datafield><datafield ind1="1" ind2=" " tag="776"><subfield code="t">New star (Concord, N.H. : Online)</subfield><subfield code="w">(DLC)  2007233572</subfield><subfield code="w">(OCoLC)57763459</subfield></datafield><datafield ind1="0" ind2="0" tag="780"><subfield code="t">Russel &amp; Davis' Republican gazetter</subfield><subfield code="w">(DLC)sn 83025527</subfield><subfield code="w">(OCoLC)9804332</subfield></datafield><datafield ind1="0" ind2="0" tag="785"><subfield code="t">Mirror (Concord, N.H. : 1797)</subfield><subfield code="w">(DLC)sn 83025525</subfield><subfield code="w">(OCoLC)9563855</subfield></datafield><datafield ind1="4" ind2="1" tag="856"><subfield code="u">http://proquest.umi.com/pqdweb</subfield></datafield><datafield ind1=" " ind2=" " tag="938"><subfield code="a">Kirtas Technologies, Inc.</subfield><subfield code="b">KRTS</subfield><subfield code="n">737263</subfield></datafield></record>